@BOOK{exampleOfBib,
AUTHOR="John Doe",
TITLE="The Book without Title",
PUBLISHER="Dummy Publisher",
YEAR="2100",
}

@INPROCEEDINGS{RIR_Data_Aug,
author={N. J. {Bryan}},
booktitle={ICASSP 2020 - 2020 IEEE International Conference on Acoustics, Speech and Signal Processing (ICASSP)},
title={Impulse Response Data Augmentation and Deep Neural Networks for Blind Room Acoustic Parameter Estimation},
year={2020},
volume={},
number={},
pages={1-5},
doi={10.1109/ICASSP40776.2020.9052970}
}

@INPROCEEDINGS{Speech_Rec,
author={T. {Ko} and V. {Peddinti} and D. {Povey} and M. L. {Seltzer} and S. {Khudanpur}},
booktitle={2017 IEEE International Conference on Acoustics, Speech and Signal Processing (ICASSP)},
title={A study on data augmentation of reverberant speech for robust speech recognition},
year={2017},
volume={},
number={},
pages={5220-5224},
doi={10.1109/ICASSP.2017.7953152}}

@article{noiseLib,
author = {Snyder, David and Chen, Guoguo and Povey, Daniel},
year = {2015},
month = {10},
pages = {},
title = {MUSAN: A Music, Speech, and Noise Corpus}
}